%% This BibTeX bibliography file was created using BibDesk.
%% http://bibdesk.sourceforge.net/

%% Created for Wen,Haoxiang at 2018-04-20 18:22:00 +0800 


%% Saved with string encoding Unicode (UTF-8) 



@misc{simple-example,
	Howpublished = {http://rocketmq.apache.org/docs/simple-example/},
	Title = {Simple Example}}

@misc{quick-start,
	Howpublished = {http://rocketmq.apache.org/docs/quick-start/},
	Title = {Quick Start}}

@misc{filter-example,
	Howpublished = {http://rocketmq.apache.org/docs/filter-by-sql92-example/},
	Title = {Filter Example}}

@misc{order-example,
	Howpublished = {http://rocketmq.apache.org/docs/order-example/},
	Title = {Order Example}}
